@book{Samarskii,
  title={Теория разностных схем},
  author={Самарский, Александр Андреевич},
  year={1989},
  publisher={" Наука," Глав. ред. физико-математической лит-ры}
}

@book{Samarski-intro,
  title={Введение в численные методы},
  author={Самарский, Александр Андреевич},
  year={2009},
  publisher={Лань}
}

@article{Sikovskii,
  title={Методы вычислительной теплофизики},
  author={Сиковский, ДФ},
  journal={Новосибирск: Изд-во Новосиб. гос. ун-та},
  year={2013}
}

@book{Golub,
  title={Матричные вычисления},
  author={Голуб, Док and Лоун, Ван},
  year={1999},
  publisher={Мир М.}
}

@article{Krylov,
  title={О численном решении уравнения, которым в технических вопросах определяются частоты малых колебаний материальных систем},
  author={Крылов, Алексей Николаевич},
  journal={Известия Российской академии наук. Серия математическая},
  pages={491--539},
  year={1931},
  publisher={Российская академия наук, Математический институт им. ВА Стеклова Российской~…}
}

@book{Petrov,
  title={Лекции по вычислительной математике},
  author={Петров, Игорь Борисович and Лобанов, Алексей Иванович},
  year={2006},
  publisher={Интернет-Ун-т информ. технологий}
}

@article{JFNK,
  title={Convergence theory of nonlinear Newton--Krylov algorithms},
  author={Brown, Peter N and Saad, Youcef},
  journal={SIAM Journal on Optimization},
  volume={4},
  number={2},
  pages={297--330},
  year={1994},
  publisher={SIAM}
}

@book{briggs2000multigrid,
  title={A multigrid tutorial},
  author={Briggs, William L and Henson, Van Emden and McCormick, Steve F},
  year={2000},
  publisher={SIAM}
}

@book{saad2003iterative,
  title={Iterative methods for sparse linear systems},
  author={Saad, Yousef},
  volume={82},
  year={2003},
  publisher={siam}
}

@book{Python3,
 author = {Van Rossum, Guido and Drake, Fred L.},
 title = {Python 3 Reference Manual},
 year = {2009},
 isbn = {1441412697},
 publisher = {CreateSpace},
 address = {Scotts Valley, CA}
}

@article{Numpy,  
  author={S. {van der Walt} and S. C. {Colbert} and G. {Varoquaux}},  
  journal={Computing in Science   Engineering},   
  title={The NumPy Array: A Structure for Efficient Numerical Computation},  
  year={2011},  
  volume={13}, 
  number={2},  
  pages={22-30},
}

@article{Scipy,
       author = {{Virtanen}, Pauli and {Gommers}, Ralf and {Oliphant},
         Travis E. and {Haberland}, Matt and {Reddy}, Tyler and
         {Cournapeau}, David and {Burovski}, Evgeni and {Peterson}, Pearu
         and {Weckesser}, Warren and {Bright}, Jonathan and {van der Walt},
         St{\'e}fan J.  and {Brett}, Matthew and {Wilson}, Joshua and
         {Jarrod Millman}, K.  and {Mayorov}, Nikolay and {Nelson}, Andrew
         R.~J. and {Jones}, Eric and {Kern}, Robert and {Larson}, Eric and
         {Carey}, CJ and {Polat}, {\.I}lhan and {Feng}, Yu and {Moore},
         Eric W. and {Vand erPlas}, Jake and {Laxalde}, Denis and
         {Perktold}, Josef and {Cimrman}, Robert and {Henriksen}, Ian and
         {Quintero}, E.~A. and {Harris}, Charles R and {Archibald}, Anne M.
         and {Ribeiro}, Ant{\^o}nio H. and {Pedregosa}, Fabian and
         {van Mulbregt}, Paul and {Contributors}, SciPy 1. 0},
        title = "{SciPy 1.0: Fundamental Algorithms for Scientific
                  Computing in Python}",
      journal = {Nature Methods},
      year = "2020",
      volume={17},
      pages={261--272},
      adsurl = {https://rdcu.be/b08Wh},
      doi = {https://doi.org/10.1038/s41592-019-0686-2},
}

@inproceedings{Numba,
author = {Lam, Siu Kwan and Pitrou, Antoine and Seibert, Stanley},
title = {Numba: A LLVM-Based Python JIT Compiler},
year = {2015},
isbn = {9781450340052},
publisher = {Association for Computing Machinery},
address = {New York, NY, USA},
url = {https://doi.org/10.1145/2833157.2833162},
doi = {10.1145/2833157.2833162},
booktitle = {Proceedings of the Second Workshop on the LLVM Compiler Infrastructure in HPC},
articleno = {7},
numpages = {6},
keywords = {Python, LLVM, compiler},
location = {Austin, Texas},
series = {LLVM ’15}
}

@article{Sympy,
 title = {SymPy: symbolic computing in Python},
 author = {Meurer, Aaron and Smith, Christopher P. and Paprocki, Mateusz and \v{C}ert\'{i}k, Ond\v{r}ej and Kirpichev, Sergey B. and Rocklin, Matthew and Kumar, AMiT and Ivanov, Sergiu and Moore, Jason K. and Singh, Sartaj and Rathnayake, Thilina and Vig, Sean and Granger, Brian E. and Muller, Richard P. and Bonazzi, Francesco and Gupta, Harsh and Vats, Shivam and Johansson, Fredrik and Pedregosa, Fabian and Curry, Matthew J. and Terrel, Andy R. and Rou\v{c}ka, \v{S}t\v{e}p\'{a}n and Saboo, Ashutosh and Fernando, Isuru and Kulal, Sumith and Cimrman, Robert and Scopatz, Anthony},
 year = 2017,
 month = jan,
 keywords = {Python, Computer algebra system, Symbolics},
 abstract = {
            SymPy is an open source computer algebra system written in pure Python. It is built with a focus on extensibility and ease of use, through both interactive and programmatic applications. These characteristics have led SymPy to become a popular symbolic library for the scientific Python ecosystem. This paper presents the architecture of SymPy, a description of its features, and a discussion of select submodules. The supplementary material provide additional examples and further outline details of the architecture and features of SymPy.
         },
 volume = 3,
 pages = {e103},
 journal = {PeerJ Computer Science},
 issn = {2376-5992},
 url = {https://doi.org/10.7717/peerj-cs.103},
 doi = {10.7717/peerj-cs.103}
}

@article{Pycuda,
   author = {{Kl{\"o}ckner}, Andreas
        and {Pinto}, Nicolas
        and {Lee}, Yunsup
        and {Catanzaro}, B.
        and {Ivanov}, Paul
        and {Fasih}, Ahmed },
   title = "{PyCUDA and PyOpenCL: A Scripting-Based Approach to GPU Run-Time Code Generation}",
   journal = "Parallel Computing",
   volume = "38",
   number = "3",
   pages = "157--174",
   year = "2012",
   issn = "0167-8191",
   doi = "10.1016/j.parco.2011.09.001",
}

@article{Cuda,
author = {Nickolls, John and Buck, Ian and Garland, Michael and Skadron, Kevin},
title = {Scalable Parallel Programming with CUDA},
year = {2008},
issue_date = {March/April 2008},
publisher = {Association for Computing Machinery},
address = {New York, NY, USA},
volume = {6},
number = {2},
issn = {1542-7730},
url = {https://doi.org/10.1145/1365490.1365500},
doi = {10.1145/1365490.1365500},
journal = {Queue},
month = mar,
pages = {40–53},
numpages = {14}
}

@inproceedings{dhd_spe,
  title={Application of digital rock technology for chemical EOR screening},
  author={Koroteev, Dmitry Anatolyevich and Dinariev, Oleg and Evseev, Nikolay and Klemin, Denis Vladimirovich and Safonov, Sergey and Gurpinar, Omer M and Berg, Steffen and vanKruijsdijk, Cor and Myers, Michael and Hathon, Lori Andrea and others},
  booktitle={SPE enhanced oil recovery conference},
  year={2013},
  organization={Society of Petroleum Engineers}
}

@article{kudinov,
  title={Моделирование многофазных течений в микроканалах с помощью метода функционала плотности},
  author={Кудинов, Илья Владимирович},
  journal={Долгопрудный--2010.-20 с},
  year={2010}
}

@book{demyanov,
  title={Основы метода функционала плотности в гидродинамике},
  author={Демьянов, Александр and Евсеев, Николай and Динариев, Олег},
  year={2018},
  publisher={Litres}
}